@article{polar2012,
  title={Polarityspam: Propagating content-based information through a web-graph to detect web-spam},
  author={Ortega, F Javier and Troyano, Jos{\'e} A and Cruz, Ferm{\i}n L and Vallejo, Carlos G},
  journal={International Journal of Innovative Computing, Information and Control},
  volume={8},
  number={5},
  year={2012}
}

@inproceedings{nikulin2010web,
  title={Web-mining with wilcoxon-based feature selection, ensembling and multiple binary classifiers},
  author={Nikulin, V},
  booktitle={Proceedings of the ECML/PKDD},
  year={2010}
}
@article{wong1987modeling,
  title={On modeling of information retrieval concepts in vector spaces},
  author={Wong, S. K. Michael and Ziarko, Wojciech and Raghavan, Vijay V. and Wong, PCN},
  journal={ACM Transactions on Database Systems (TODS)},
  volume={12},
  number={2},
  pages={299--321},
  year={1987},
  publisher={ACM}
}
@book{horn2012matrix,
  title={Matrix analysis},
  author={Horn, Roger A and Johnson, Charles R},
  year={2012},
  publisher={Cambridge university press}
}
@inproceedings{Ntoulas:2006,
  title={Detecting spam web pages through content analysis},
  author={Ntoulas, Alexandros and Najork, Marc and Manasse, Mark and Fetterly, Dennis},
  booktitle={Proceedings of the 15th international conference on World Wide Web},
  pages={83--92},
  year={2006},
  organization={ACM}
}

@article{harris1954distributional,
  title={Distributional structure.},
  author={Harris, Zellig S},
  journal={Word},
  year={1954}
}
@inproceedings{yang1997comparative,
  title={A comparative study on feature selection in text categorization},
  author={Yang, Yiming and Pedersen, Jan O},
  booktitle={ICML},
  volume={97},
  pages={412--420},
  year={1997}
}
@inproceedings{Hall:2000:CFS:645529.657793,
 author = {Hall, Mark A.},
 title = {Correlation-based Feature Selection for Discrete and Numeric Class Machine Learning},
 booktitle = {Proceedings of the Seventeenth International Conference on Machine Learning},
 series = {ICML '00},
 year = {2000},
 isbn = {1-55860-707-2},
 pages = {359--366},
 numpages = {8},
 url = {http://dl.acm.org/citation.cfm?id=645529.657793},
 acmid = {657793},
 publisher = {Morgan Kaufmann Publishers Inc.},
 address = {San Francisco, CA, USA},
} 
@inproceedings{gan2007improving,
  title={Improving web spam classifiers using link structure},
  author={Gan, Qingqing and Suel, Torsten},
  booktitle={Proceedings of the 3rd international workshop on Adversarial information retrieval on the web},
  pages={17--20},
  year={2007},
  organization={ACM}
}
@inproceedings{geng2009link,
  title={Link based small sample learning for web spam detection},
  author={Geng, Guang-Gang and Li, Qiudan and Zhang, Xinchang},
  booktitle={Proceedings of the 18th international conference on World wide web},
  pages={1185--1186},
  year={2009},
  organization={ACM}
}
@article{lempel2000stochastic,
  title={The stochastic approach for link-structure analysis (SALSA) and the TKC effect},
  author={Lempel, Ronny and Moran, Shlomo},
  journal={Computer Networks},
  volume={33},
  number={1},
  pages={387--401},
  year={2000},
  publisher={Elsevier}
}
@inproceedings{castillo2007know,
  title={Know your neighbors: Web spam detection using the web topology},
  author={Castillo, Carlos and Donato, Debora and Gionis, Aristides and Murdock, Vanessa and Silvestri, Fabrizio},
  booktitle={Proceedings of the 30th annual international ACM SIGIR conference on Research and development in information retrieval},
  pages={423--430},
  year={2007},
  organization={ACM}
}
@inproceedings{becchetti2006using,
  title={Using rank propagation and probabilistic counting for link-based spam detection},
  author={Becchetti, Luca and Castillo, Carlos and Donato, Debora and Leonardi, Stefano and Baeza-Yates, Ricardo},
  booktitle={Proc. of WebKDD},
  volume={6},
  year={2006}
}
@inproceedings{zhou2007transductive,
  title={Transductive link spam detection},
  author={Zhou, Dengyong and Burges, Christopher JC and Tao, Tao},
  booktitle={Proceedings of the 3rd international workshop on Adversarial information retrieval on the web},
  pages={21--28},
  year={2007},
  organization={ACM}
}
@inproceedings{baeza2006generalizing,
  title={Generalizing pagerank: Damping functions for link-based ranking algorithms},
  author={Baeza-Yates, Ricardo and Boldi, Paolo and Castillo, Carlos},
  booktitle={Proceedings of the 29th annual international ACM SIGIR conference on Research and development in information retrieval},
  pages={308--315},
  year={2006},
  organization={ACM}
}
@inproceedings{joshi2007anchor,
  title={Anchor-based proximity measures},
  author={Joshi, Amruta and Kumar, Ravi and Reed, Benjamin and Tomkins, Andrew},
  booktitle={Proceedings of the 16th international conference on World Wide Web},
  pages={1131--1132},
  year={2007},
  organization={ACM}
}
@inproceedings{caverlee2007countering,
  title={Countering web spam with credibility-based link analysis},
  author={Caverlee, James and Liu, Ling},
  booktitle={Proceedings of the twenty-sixth annual ACM symposium on Principles of distributed computing},
  pages={157--166},
  year={2007},
  organization={ACM}
}
@article{wu2006propagating,
  title={Propagating Trust and Distrust to Demote Web Spam.},
  author={Wu, Baoning and Goel, Vinay and Davison, Brian D},
  journal={MTW},
  volume={190},
  year={2006}
}
@inproceedings{cheng2011let,
  title={Let web spammers expose themselves},
  author={Cheng, Zhicong and Gao, Bin and Sun, Congkai and Jiang, Yanbing and Liu, Tie-Yan},
  booktitle={Proceedings of the fourth ACM international conference on Web search and data mining},
  pages={525--534},
  year={2011},
  organization={ACM}
}
@incollection{drost2005thwarting,
  title={Thwarting the nigritude ultramarine: Learning to identify link spam},
  author={Drost, Isabel and Scheffer, Tobias},
  booktitle={Machine Learning: ECML 2005},
  pages={96--107},
  year={2005},
  publisher={Springer}
}
@article{abernethy2010graph,
  title={Graph regularization methods for Web spam detection},
  author={Abernethy, Jacob and Chapelle, Olivier and Castillo, Carlos},
  journal={Machine Learning},
  volume={81},
  number={2},
  pages={207--225},
  year={2010},
  publisher={Springer}
}
@inproceedings{castillo2006reference,
  title={A reference collection for web spam},
  author={Castillo, Carlos and Donato, Debora and Becchetti, Luca and Boldi, Paolo and Leonardi, Stefano and Santini, Massimo and Vigna, Sebastiano},
  booktitle={ACM Sigir Forum},
  volume={40},
  number={2},
  pages={11--24},
  year={2006},
  organization={ACM}
}


@inproceedings{becchetti2006link,
  title={Link-Based Characterization and Detection of Web Spam.},
  author={Becchetti, Luca and Castillo, Carlos and Donato, Debora and Leonardi, Stefano and Baeza-Yates, Ricardo A},
  booktitle={AIRWeb},
  pages={1--8},
  year={2006}
}
@inproceedings{amitay2003connectivity,
  title={The connectivity sonar: detecting site functionality by structural patterns},
  author={Amitay, Einat and Carmel, David and Darlow, Adam and Lempel, Ronny and Soffer, Aya},
  booktitle={Proceedings of the fourteenth ACM conference on Hypertext and hypermedia},
  pages={38--47},
  year={2003},
  organization={ACM}
}
@article{spirin2012survey,
  title={Survey on web spam detection: principles and algorithms},
  author={Spirin, Nikita and Han, Jiawei},
  journal={ACM SIGKDD Explorations Newsletter},
  volume={13},
  number={2},
  pages={50--64},
  year={2012},
  publisher={ACM}
}
@inproceedings{Erdelyi:2011wsc,
 author = {Erd{\'e}lyi, Mikl\'{o}s and Garz\'{o}, Andr\'{a}s and Bencz\'{u}r, Andr\'{a}s A.},
 title = {Web Spam Classification: A Few Features Worth More},
 booktitle = {Proceedings of the 2011 Joint WICOW/AIRWeb Workshop on Web Quality},
 series = {WebQuality '11},
 year = {2011},
 isbn = {978-1-4503-0706-2},
 location = {Hyderabad, India},
 pages = {27--34},
 numpages = {8},
 url = {http://doi.acm.org/10.1145/1964114.1964121},
 doi = {10.1145/1964114.1964121},
 acmid = {1964121},
 publisher = {ACM},
 address = {New York, NY, USA},
 keywords = {document classification, ensemble classification, feature selection, hyperlink analysis, information retrieval, machine learning, web quality, web spam},
} 
@inproceedings{silva2012artificial,
  title={Artificial neural networks for content-based web spam detection},
  author={Silva, Renato M and Almeida, Tiago A and Yamakami, Akebo},
  booktitle={Proc. of the 14th International Conference on Artificial Intelligence (ICAI’12)},
  pages={1--7},
  year={2012}
}
@inproceedings{jia2012research,
  title={Research on Web Spam Detection Based on Support Vector Machine},
  author={Jia, Zhiyang and Li, Weiwei and Gao, Wei and Xia, Youming},
  booktitle={Communication Systems and Network Technologies (CSNT), 2012 International Conference on},
  pages={517--520},
  year={2012},
  organization={IEEE}
}
@inproceedings{goh2013multilayer,
  title={Multilayer perceptrons neural network based Web spam detection application},
  author={Goh, Kwang Leng and Singh, Ashutosh Kumar and Lim, King Hann},
  booktitle={Signal and Information Processing (ChinaSIP), 2013 IEEE China Summit \& International Conference on},
  pages={636--640},
  year={2013},
  organization={IEEE}
}
@inproceedings{liu1995chi2,
  title={Chi2: Feature selection and discretization of numeric attributes},
  author={Liu, Huan and Setiono, Rudy},
  booktitle={2012 IEEE 24th International Conference on Tools with Artificial Intelligence},
  pages={388--388},
  year={1995},
  organization={IEEE Computer Society}
}
@inproceedings{mishne2005blocking,
  title={Blocking Blog Spam with Language Model Disagreement.},
  author={Mishne, Gilad and Carmel, David and Lempel, Ronny},
  booktitle={AIRWeb},
  volume={5},
  pages={1--6},
  year={2005}
}
@inproceedings{martinez2009web,
  title={Web spam identification through language model analysis},
  author={Martinez-Romo, Juan and Araujo, Lourdes},
  booktitle={Proceedings of the 5th international workshop on adversarial information retrieval on the web},
  pages={21--28},
  year={2009},
  organization={ACM}
}
@article{araujo2010web,
  title={Web spam detection: new classification features based on qualified link analysis and language models},
  author={Araujo, Lourdes and Martinez-Romo, Juan},
  journal={Information Forensics and Security, IEEE Transactions on},
  volume={5},
  number={3},
  pages={581--590},
  year={2010},
  publisher={IEEE}
}
@article{geng2013evaluating,
  title={Evaluating web content quality via multi-scale features},
  author={Geng, Guang-Gang and Jin, Xiao-Bo and Zhang, Xin-Chang and Zhang, De-Xian},
  journal={arXiv preprint arXiv:1304.6181},
  year={2013}
}
@inproceedings{abernethy2008web,
  title={Web spam identification through content and hyperlinks},
  author={Abernethy, Jacob and Chapelle, Olivier and Castillo, Carlos},
  booktitle={Proceedings of the 4th international workshop on Adversarial information retrieval on the web},
  pages={41--44},
  year={2008},
  organization={ACM}
}
@inproceedings{mahmoudi2010web,
  title={Web spam detection based on discriminative content and link features},
  author={Mahmoudi, Maryam and Yari, Alireza and Khadivi, Shahram},
  booktitle={Telecommunications (IST), 2010 5th International Symposium on},
  pages={542--546},
  year={2010},
  organization={IEEE}
}
@article{wahsheh2013link,
  title={A link and content hybrid approach for arabic web spam detection},
  author={Wahsheh, Heider A and Al-Kabi, Mohammed N and Alsmadi, Izzat M},
  journal={International Journal of Intelligent Systems and Applications (IJISA)},
  volume={5},
  number={1},
  pages={30--43},
  year={2013}
}
@inproceedings{geng2007boosting,
  title={Boosting the performance of web spam detection with ensemble under-sampling classification},
  author={Geng, Guang-Gang and Wang, Chun-Heng and Li, Qiu-Dan and Xu, Lei and Jin, Xiao-Bo},
  booktitle={Fuzzy Systems and Knowledge Discovery, 2007. FSKD 2007. Fourth International Conference on},
  volume={4},
  pages={583--587},
  year={2007},
  organization={IEEE}
}
@article{davison2000recognizing,
  title={Recognizing nepotistic links on the web},
  author={Davison, Brian D},
  journal={Artificial Intelligence for Web Search},
  pages={23--28},
  year={2000}
}
@inproceedings{bhattacharjee2007algorithms,
  title={Algorithms and incentives for robust ranking},
  author={Bhattacharjee, Rajat and Goel, Ashish},
  booktitle={Proceedings of the eighteenth annual ACM-SIAM symposium on Discrete algorithms},
  pages={425--433},
  year={2007},
  organization={Society for Industrial and Applied Mathematics}
}
@inproceedings{dou2008click,
  title={Are click-through data adequate for learning web search rankings?},
  author={Dou, Zhicheng and Song, Ruihua and Yuan, Xiaojie and Wen, Ji-Rong},
  booktitle={Proceedings of the 17th ACM conference on Information and knowledge management},
  pages={73--82},
  year={2008},
  organization={ACM}
}
@inproceedings{radlinski2007addressing,
  title={Addressing malicious noise in clickthrough data},
  author={Radlinski, Filip},
  booktitle={Learning to Rank for Information Retrieval Workshop at SIGIR},
  volume={2007},
  year={2007}
}
@inproceedings{svore2007improving,
  title={Improving web spam classification using rank-time features},
  author={Svore, Krysta M and Wu, Qiang and Burges, Chris JC and Raman, Aaswath},
  booktitle={Proceedings of the 3rd international workshop on Adversarial information retrieval on the web},
  pages={9--16},
  year={2007},
  organization={ACM}
}
@inproceedings{chellapilla2007taxonomy,
  title={A taxonomy of JavaScript redirection spam},
  author={Chellapilla, Kumar and Maykov, Alexey},
  booktitle={Proceedings of the 3rd international workshop on Adversarial information retrieval on the web},
  pages={81--88},
  year={2007},
  organization={ACM}
}
@inproceedings{webb2008predicting,
  title={Predicting web spam with HTTP session information},
  author={Webb, Steve and Caverlee, James and Pu, Calton},
  booktitle={Proceedings of the 17th ACM conference on Information and knowledge management},
  pages={339--348},
  year={2008},
  organization={ACM}
}
@inproceedings{zhou2007sketching,
  title={Sketching Landscapes of Page Farms.},
  author={Zhou, Bin and Pei, Jian},
  booktitle={SDM},
  pages={593--598},
  year={2007},
  organization={SIAM}
}
@inproceedings{Zhou2009osd,
 author = {Zhou, Pei},
 title = {OSD: An online web spam detection system},
 booktitle = {Proceedings of the 15th ACM SIGKDD international conference on Knowledge discovery and data mining},
 series = {KDD '09},
 year = {2009},
 location = {Paris, France},
}

@article{zhou2009link,
  title={Link spam target detection using page farms},
  author={Zhou, Bin and Pei, Jian},
  journal={ACM Transactions on Knowledge Discovery from Data (TKDD)},
  volume={3},
  number={3},
  pages={13},
  year={2009},
  publisher={ACM}
}
@inproceedings{zhou2008spamicity,
  title={A Spamicity Approach to Web Spam Detection.},
  author={Zhou, Bin and Pei, Jian and Tang, Zhaohui},
  booktitle={SDM},
  pages={277--288},
  year={2008},
  organization={SIAM}
}
@inproceedings{liu2008user,
  title={User behavior oriented web spam detection},
  author={Liu, Yiqun and Zhang, Min and Ma, Shaoping and Ru, Liyun},
  booktitle={Proceedings of the 17th international conference on World Wide Web},
  pages={1039--1040},
  year={2008},
  organization={ACM}
}
@inproceedings{poblete2008dr,
  title={Dr. searcher and mr. browser: a unified hyperlink-click graph},
  author={Poblete, Barbara and Castillo, Carlos and Gionis, Aristides},
  booktitle={Proceedings of the 17th ACM conference on Information and knowledge management},
  pages={1123--1132},
  year={2008},
  organization={ACM}
}
@inproceedings{liu2008browserank,
  title={BrowseRank: letting web users vote for page importance},
  author={Liu, Yuting and Gao, Bin and Liu, Tie-Yan and Zhang, Ying and Ma, Zhiming and He, Shuyuan and Li, Hang},
  booktitle={Proceedings of the 31st annual international ACM SIGIR conference on Research and development in information retrieval},
  pages={451--458},
  year={2008},
  organization={ACM}
}
@inproceedings{gyongyi2004combating,
  title={Combating web spam with trustrank},
  author={Gy{\"o}ngyi, Zolt{\'a}n and Garcia-Molina, Hector and Pedersen, Jan},
  booktitle={Proceedings of the Thirtieth international conference on Very large data bases-Volume 30},
  pages={576--587},
  year={2004},
  organization={VLDB Endowment}
}
@article{kleinberg1999authoritative,
  title={Authoritative sources in a hyperlinked environment},
  author={Kleinberg, Jon M},
  journal={Journal of the ACM (JACM)},
  volume={46},
  number={5},
  pages={604--632},
  year={1999},
  publisher={ACM}
}
@article{page1999pagerank,
  title={The PageRank citation ranking: Bringing order to the web.},
  author={Page, Lawrence and Brin, Sergey and Motwani, Rajeev and Winograd, Terry},
  year={1999},
  publisher={Stanford InfoLab}
}
@misc{weka,    
      title = {Weka 3: Data Mining Software in Java},      
      note={ \url{http:///www.cs.waikato.ac.nz/ml/weka}, accessed November 2013}
}


@misc{libsvm,    
      title = {LIBSVM -- A Library for Support Vector Machines},      
      note={ \url{http:///www.csie.ntu.edu.tw/~cjlin/libsvm}, accessed November 2013}
}
@misc{lemur,    
      title = {The Lemur Project},      
      note={ \url{http://www.lemurproject.org}, accessed September 2013}
}
@misc{W3Techs,    
      title = {Usage of content languages for websites},      
      note={ \url{http://w3techs.com/technologies/overview/content_language/all}, accessed August, 2014}
}
@misc{Gzip,    
      title = {The GZIP home page},      
      note={ \url{http://www.gzip.org}, accessed September, 2013}
}
@misc{Yahooresearch,    
      title = {Yahoo! research: Web spam collections},
      note={ \url{http://barcelona.research.yahoo.net/webspam/datasets/}, Crawled by the Laboratory of Web Algorithmics, University of Milan, http://law.dsi.unimi.it, 2007}
}
@misc{spam6,    
      title = {Web Spam Challenge II: Small Corpus},
      note={ \url{http://webspam.lip6.fr/wiki/pmwiki.php?n=Main.PhaseIICorpora/}, Provided by Ludovic Denoyer etc, University of Paris 6, France, 2006}
}
@article{convey1996porn,
  title={Porn sneaks way back on web},
  author={Convey, Eric},
  journal={The Boston Herald},
  pages={028},
  year={1996}
}
@inproceedings{gyongyi2005link,
  title={Link spam alliances},
  author={Gy{\"o}ngyi, Zolt{\'a}n and Garcia-Molina, Hector},
  booktitle={Proceedings of the 31st international conference on Very large data bases},
  pages={517--528},
  year={2005},
  organization={VLDB Endowment}
}
@article{zhai2008statistical,
  title={Statistical language models for information retrieval},
  author={Zhai, ChengXiang},
  journal={Synthesis Lectures on Human Language Technologies},
  volume={1},
  number={1},
  pages={1--141},
  year={2008},
  publisher={Morgan \& Claypool Publishers}
}
@inproceedings{robertson2004simple,
  title={Simple BM25 extension to multiple weighted fields},
  author={Robertson, Stephen and Zaragoza, Hugo and Taylor, Michael},
  booktitle={Proceedings of the thirteenth ACM international conference on Information and knowledge management},
  pages={42--49},
  year={2004},
  organization={ACM}
}
@article{salton1975vector,
  title={A vector space model for automatic indexing},
  author={Salton, Gerard and Wong, Anita and Yang, Chung-Shu},
  journal={Communications of the ACM},
  volume={18},
  number={11},
  pages={613--620},
  year={1975},
  publisher={ACM}
}
@inproceedings{adali2005optimal,
  title={Optimal Link Bombs are Uncoordinated.},
  author={Adali, Sibel and Liu, Tina and Magdon-Ismail, Malik},
  booktitle={AIRWeb},
  pages={58--69},
  year={2005}
}
@inproceedings{henzinger2002challenges,
  title={Challenges in web search engines},
  author={Henzinger, Monika R and Motwani, Rajeev and Silverstein, Craig},
  booktitle={ACM SIGIR Forum},
  volume={36},
  number={2},
  pages={11--22},
  year={2002},
  organization={ACM}
}
@article{fetterly2007adversarial,
  title={Adversarial information retrieval: The manipulation of web content},
  author={Fetterly, Dennis},
  journal={ACM Computing Reviews},
  year={2007}
}
@article{jennings2005global,
  title={The global economic impact of spam},
  author={Jennings, Richi},
  journal={Ferris Research},
  year={2005}
}
@inproceedings{jansen2003analysis,
  title={An Analysis of Web Documents Retrieved and Viewed.},
  author={Jansen, Bernard J and Spink, Amanda},
  booktitle={International Conference on Internet Computing},
  pages={65--69},
  year={2003},
  organization={Citeseer}
}
@inproceedings{silverstein1999analysis,
  title={Analysis of a very large web search engine query log},
  author={Silverstein, Craig and Marais, Hannes and Henzinger, Monika and Moricz, Michael},
  booktitle={ACm SIGIR Forum},
  volume={33},
  number={1},
  pages={6--12},
  year={1999},
  organization={ACM}
}
@article{jennings2009cost,
  title={Cost of spam is flattening--our 2009 predictions},
  author={Jennings, R},
  journal={Ferris Research},
  year={2009}
}
@inproceedings{gyongyi2005web,
  title={Web spam taxonomy},
  author={Gyongyi, Zoltan and Garcia-Molina, Hector},
  booktitle={First international workshop on adversarial information retrieval on the web (AIRWeb 2005)},
  year={2005}
}
@misc{perkins2001classification,
  title={The classification of search engine spam},
  author={Perkins, Alan},
  year={2001}
}
@inproceedings{Fetterly:2004,
  title={Spam, damn spam, and statistics: Using statistical analysis to locate spam web pages},
  author={Fetterly, Dennis and Manasse, Mark and Najork, Marc},
  booktitle={Proceedings of the 7th International Workshop on the Web and Databases: colocated with ACM SIGMOD/PODS 2004},
  pages={1--6},
  year={2004},
  organization={ACM}
}
@article{Broder:1997,
  title={Syntactic clustering of the web},
  author={Broder, Andrei Z and Glassman, Steven C and Manasse, Mark S and Zweig, Geoffrey},
  journal={Computer Networks and ISDN Systems},
  volume={29},
  number={8},
  pages={1157--1166},
  year={1997},
  publisher={Elsevier}
}
@inproceedings{Fetterly:2003,
  title={A large-scale study of the evolution of web pages},
  author={Fetterly, Dennis and Manasse, Mark and Najork, Marc and Wiener, Janet},
  booktitle={Proceedings of the 12th international conference on World Wide Web},
  pages={669--678},
  year={2003},
  organization={ACM}
}
@inproceedings{Fetterly:2005,
  title={Detecting phrase-level duplication on the world wide web},
  author={Fetterly, Dennis and Manasse, Mark and Najork, Marc},
  booktitle={Proceedings of the 28th annual international ACM SIGIR conference on Research and development in information retrieval},
  pages={170--177},
  year={2005},
  organization={ACM}
}
@incollection{Broder:1993,
  title={Some applications of Rabin’s fingerprinting method},
  author={Broder, Andrei Z},
  booktitle={Sequences II},
  pages={143--152},
  year={1993},
  publisher={Springer}
}
@book{Rabin:1981,
  title={Fingerprinting by random polynomials},
  author={Rabin, Michael O},
  year={1981},
  publisher={Center for Research in Computing Techn., Aiken Computation Laboratory, Univ.}
}

@article{Breiman:1996,
  title={Bagging predictors},
  author={Breiman, Leo},
  journal={Machine learning},
  volume={24},
  number={2},
  pages={123--140},
  year={1996},
  publisher={Springer}
}
@inproceedings{Freund:1995,
  title={A desicion-theoretic generalization of on-line learning and an application to boosting},
  author={Freund, Yoav and Schapire, Robert E},
  booktitle={Computational learning theory},
  pages={23--37},
  year={1995},
  organization={Springer}
}
@article{Prieto:2013,
  title={SAAD, a content based Web Spam Analyzer and Detector},
  author={Prieto, V{\'\i}ctor M and {\'A}lvarez, Manuel and Cacheda, Fidel},
  journal={Journal of Systems and Software},
  volume={86},
  number={11},
  pages={2906--2918},
  year={2013},
  publisher={Elsevier}
}
@article{Sydow:2007,
  title={Application of machine learning in combating web spam},
  author={Sydow, Marcin and Piskorski, Jakub and Weiss, Dawid and Castillo, Carlos},
  year={2007},
  publisher={Citeseer}
}
@inproceedings{Piskorski:2008,
  title={Exploring linguistic features for Web spam detection: A preliminary study},
  author={Piskorski, Jakub and Sydow, Marcin and Weiss, Dawid},
  booktitle={Proceedings of the 4th international workshop on Adversarial information retrieval on the web},
  pages={25--28},
  year={2008},
  organization={ACM}
}
@inproceedings{urvoy2006tracking,
  title={Tracking Web Spam with Hidden Style Similarity.},
  author={Urvoy, Tanguy and Lavergne, Thomas and Filoche, Pascal},
  booktitle={AIRWeb},
  pages={25--31},
  year={2006}
}
@article{Urvoy:2008tracking,
 author = {Urvoy, Tanguy and Chauveau, Emmanuel and Filoche, Pascal and Lavergne, Thomas},
 title = {Tracking Web Spam with HTML Style Similarities},
 journal = {ACM Trans. Web},
 issue_date = {February 2008},
 volume = {2},
 number = {1},
 month = mar,
 year = {2008},
 issn = {1559-1131},
 pages = {3:1--3:28},
 articleno = {3},
 numpages = {28},
 url = {http://doi.acm.org/10.1145/1326561.1326564},
 doi = {10.1145/1326561.1326564},
 acmid = {1326564},
 publisher = {ACM},
 address = {New York, NY, USA},
 keywords = {Clustering, document similarity, search engine spam, stylometry, templates identification},
} 
@inproceedings{Biro:2008,
  title={Latent dirichlet allocation in web spam filtering},
  author={B{\'\i}r{\'o}, Istv{\'a}n and Szab{\'o}, J{\'a}cint and Bencz{\'u}r, Andr{\'a}s A},
  booktitle={Proceedings of the 4th international workshop on Adversarial information retrieval on the web},
  pages={29--32},
  year={2008},
  organization={ACM}
}
@article{blei2003latent,
  title={Latent dirichlet allocation},
  author={Blei, David M and Ng, Andrew Y and Jordan, Michael I},
  journal={the Journal of machine Learning research},
  volume={3},
  pages={993--1022},
  year={2003},
  publisher={JMLR. org}
}
@inproceedings{pavlov2011detecting,
  title={Detecting Content Spam on the Web through Text Diversity Analysis.},
  author={Pavlov, Anton and Dobrov, Boris V},
  booktitle={SYRCoDIS},
  pages={11--18},
  year={2011}
}
@inproceedings{suhara2013automatically,
  title={Automatically generated spam detection based on sentence-level topic information},
  author={Suhara, Yoshihiko and Toda, Hiroyuki and Nishioka, Shuichi and Susaki, Seiji},
  booktitle={Proceedings of the 22nd international conference on World Wide Web companion},
  pages={1157--1160},
  year={2013},
  organization={International World Wide Web Conferences Steering Committee}
}
@inproceedings{riedl2012sweeping,
  title={Sweeping through the topic space: bad luck? Roll again!},
  author={Riedl, Martin and Biemann, Chris},
  booktitle={Proceedings of the Joint Workshop on Unsupervised and Semi-Supervised Learning in NLP},
  pages={19--27},
  year={2012},
  organization={Association for Computational Linguistics}
}

@inproceedings{dong2012effectively,
  title={Effectively detecting content spam on the web using topical diversity measures},
  author={Dong, Cailing and Zhou, Bin},
  booktitle={Proceedings of the The 2012 IEEE/WIC/ACM International Joint Conferences on Web Intelligence and Intelligent Agent Technology-Volume 01},
  pages={266--273},
  year={2012},
  organization={IEEE Computer Society}
}
@inproceedings{wahsheh2011detecting,
  title={Detecting Arabic web spam},
  author={Wahsheh, Heider A and Al-Kabi, Mohammed Naji},
  booktitle={The 5th International Conference on Information Technology, ICIT},
  volume={2011},
  pages={1--8},
  year={2011}
}
@article{jaramh2011detecting,
  title={Detecting Arabic spam web pages using content analysis},
  author={Jaramh, RADWAN and Saleh, TALAL and Khattab, SHERIF and Farag, IBRAHIM},
  journal={International Journal of Reviews in Computing},
  volume={6},
  pages={1--8},
  year={2011}
}
@inproceedings{al2011combating,
  title={Combating Arabic web spam using content analysis},
  author={Al-Kabi, M and Wahsheh, H and AlEroud, A and Alsmadi, I},
  booktitle={2011 IEEE Jordan Conference on Applied Electrical Engineering and Computing Technologies (AEECT)},
  pages={1--4},
  year={2011}
}
@article{al2012content,
  title={Content-based analysis to detect Arabic web spam},
  author={Al-Kabi, Mohammed and Wahsheh, Heider and Alsmadi, Izzat and Al-Shawakfa, Emad and Wahbeh, Abdullah and Al-Hmoud, Ahmed},
  journal={Journal of Information Science},
  volume={38},
  number={3},
  pages={284--296},
  year={2012},
  publisher={Sage Publications}
}
@article{al2014olawsds,
  title={OLAWSDS: An Online Arabic Web Spam Detection System},
  author={Al-Kabi, Mohammed N and Wahsheh, Heider A and Alsmadi, Izzat M},
  journal={International Journal of Advanced Computer Science \& Applications},
  volume={5},
  number={2},
  year={2014}
}

@inproceedings{krishnan2006web,
  title={Web Spam Detection with Anti-Trust Rank.},
  author={Krishnan, Vijay and Raj, Rashmi},
  booktitle={AIRWeb},
  volume={6},
  pages={37--40},
  year={2006}
}
@inproceedings{wu2006topical,
  title={Topical trustrank: Using topicality to combat web spam},
  author={Wu, Baoning and Goel, Vinay and Davison, Brian D},
  booktitle={Proceedings of the 15th international conference on World Wide Web},
  pages={63--72},
  year={2006},
  organization={ACM}
}
@inproceedings{caverlee2007countering,
  title={Countering web spam with credibility-based link analysis},
  author={Caverlee, James and Liu, Ling},
  booktitle={Proceedings of the twenty-sixth annual ACM symposium on Principles of distributed computing},
  pages={157--166},
  year={2007},
  organization={ACM}
}
@inproceedings{wu2006undue,
  title={Undue influence: Eliminating the impact of link plagiarism on web search rankings},
  author={Wu, Baoning and Davison, Brian D},
  booktitle={Proceedings of the 2006 ACM symposium on Applied computing},
  pages={1099--1104},
  year={2006},
  organization={ACM}
}
@inproceedings{wu2005identifying,
  title={Identifying link farm spam pages},
  author={Wu, Baoning and Davison, Brian D},
  booktitle={Special interest tracks and posters of the 14th international conference on World Wide Web},
  pages={820--829},
  year={2005},
  organization={ACM}
}
@inproceedings{chen2008link,
  title={Link variable TrustRank for fighting web spam},
  author={Chen, Qi and Yu, Song-Nian and Cheng, Sisi},
  booktitle={Computer Science and Software Engineering, 2008 International Conference on},
  volume={4},
  pages={1004--1007},
  year={2008},
  organization={IEEE}
}

@inproceedings{metaxas2009using,
  title={Using propagation of distrust to find untrustworthy web neighborhoods},
  author={Metaxas, Panagiotis},
  booktitle={Internet and Web Applications and Services, 2009. ICIW'09. Fourth International Conference on},
  pages={516--521},
  year={2009},
  organization={IEEE}
}
@inproceedings{jiang2008larger,
  title={Larger is better: Seed selection in link-based anti-spamming algorithms},
  author={Jiang, Qiancheng and Zhang, Lei and Zhu, Yizhen and Zhang, Yan},
  booktitle={Proceedings of the 17th international conference on World Wide Web},
  pages={1065--1066},
  year={2008},
  organization={ACM}
}
@inproceedings{zhang2009automatic,
  title={Automatic seed set expansion for trust propagation based anti-spamming algorithms},
  author={Zhang, Xianchao and Han, Bo and Liang, Wenxin},
  booktitle={Proceedings of the eleventh international workshop on Web information and data management},
  pages={31--38},
  year={2009},
  organization={ACM}
}
@inproceedings{zhang2009exploiting,
  title={Exploiting bidirectional links: making spamming detection easier},
  author={Zhang, Yan and Jiang, Qiancheng and Zhang, Lei and Zhu, Yizhen},
  booktitle={Proceedings of the 18th ACM conference on Information and knowledge management},
  pages={1839--1842},
  year={2009},
  organization={ACM}
}
@techreport{zhang2009deeply,
  title={Deeply exploiting link structure: Setting a tougher life for spammers},
  author={Zhang, Yan and Jiang, Q and Zhang, L and Zhu, Y},
  year={2009},
  institution={Technical report, Peking University, 2009. http://www. cis. pku. edu. cn/faculty/system/zhangyan/papers/CPV. pdf}
}

@inproceedings{gyongyi2006link,
  title={Link spam detection based on mass estimation},
  author={Gyongyi, Zoltan and Berkhin, Pavel and Garcia-Molina, Hector and Pedersen, Jan},
  booktitle={Proceedings of the 32nd international conference on Very large data bases},
  pages={439--450},
  year={2006},
  organization={VLDB Endowment}
}
@inproceedings{zhao2008good,
  title={From good to bad ones: Making spam detection easier},
  author={Zhao, Li and Jiang, Qiancheng and Zhang, Yan},
  booktitle={Computer and Information Technology Workshops, 2008. CIT Workshops 2008. IEEE 8th International Conference on},
  pages={129--134},
  year={2008},
  organization={IEEE}
}

@article{wu2006propagating,
  title={Propagating Trust and Distrust to Demote Web Spam.},
  author={Wu, Baoning and Goel, Vinay and Davison, Brian D},
  journal={MTW},
  volume={190},
  year={2006}
}
@inproceedings{zhang2011propagating,
  title={Propagating Both Trust and Distrust with Target Differentiation for Combating Web Spam.},
  author={Zhang, Xianchao and Wang, You and Mou, Nan and Liang, Wenxin},
  booktitle={AAAI},
  year={2011}
}
@article{liu2013combating,
  title={Combating Web spam through trust--distrust propagation with confidence},
  author={Liu, Xinyue and Wang, You and Zhu, Shaoping and Lin, Hongfei},
  journal={Pattern Recognition Letters},
  volume={34},
  number={13},
  pages={1462--1469},
  year={2013},
  publisher={Elsevier}
}





























@misc{Vleck:2001,
      author = "Tom Van Vleck",
      title = "The History of Electronic Mail",
      month = "February",
      year = "2001",
      note={ \url{http://www.multicians.org/thvv/mail-history.html}, accessed August, 2013}
}
@techreport{Radicati:2011,
    author    = "Radicati, Sara and Hoang, Quoc",
    title     = "Email Statistics Report, 2011-2015",
    institution = "The Radicati Group, Inc.",
    year      = " 2011",
}
@misc{Yarow:2011,
      author = "Yarow, J.",
      title = "107,000,000,000,000",
      month = "January",
      year = "2011",
      note={ \url{http://www.businessinsider.com/internet-statistics-2011-1-2011-1}, accessed August, 2013}
}
@inbook{Katakis:2006,
    author = {Katakis, Ioannis and Tsoumakas, Grigorios and Vlahavas, Ioannis},
    booktitle = {Web Data Management Practices: Emerging Techniques and Technologies},
    citeulike-article-id = {2145318},
    editor = {Vakali, Athena and Pallis, George},
    keywords = {classification, clustering, data, e-mail, email, filtering, learning, machine, mining, spam, text},
    pages = {219--240},
    posted-at = {2007-12-19 13:13:51},
    priority = {0},
    publisher = {Idea Group Publishing},
    title = {{Email Mining: Emerging Techniques for Email Management}},
    year = {2006}
}
@mastersthesis{Jeffrey:2008,
    author    = "Jeffrey D. Hole",
    title     = "Email Overload in Academia",
    school    = "Rochester Institute of Technology, B. Thomas Golisano College of Computing and Information Sciences",
    year      = "2008",
}
@mastersthesis{Martin:2011,
    author    = "Martin,Amy E. ",
    title     = "Exploration of email overload",
    school    = "California College of The Arts",
    year      = "2011",
}
@article{Bellotti:2005,
 author = {Bellotti, Victoria and Ducheneaut, Nicolas and Howard, Mark and Smith, Ian and Grinter, Rebecca E.},
 title = {Quality versus quantity: e-mail-centric task management and its relation with overload},
 journal = {Hum.-Comput. Interact.},
 issue_date = {June 2005},
 volume = {20},
 number = {1},
 month = jun,
 year = {2005},
 issn = {0737-0024},
 pages = {89--138},
 numpages = {50},
 url = {http://dx.doi.org/10.1207/s15327051hci2001\&2_4},
 doi = {10.1207/s15327051hci2001\&2_4},
 acmid = {1466574},
 publisher = {L. Erlbaum Associates Inc.},
 address = {Hillsdale, NJ, USA}
}
@phdthesis{Dredze:2009:thesis,
    author    = "Dredze, Mark Harel",
    title     = "Intelligent Email: Aiding Users With AI",
    school    = "University of Pennsylvania",
    year      = "2009"
}
@phdthesis{Jamin:2007,
    author    = "Jamin, Amanda",
    title     = "MailScape: A Visual Approach To Email Management",
    school    = "Worcester Polytechnic Institute",
    year      = "2007",
}
@article{Tang:2013,
year={2013},
issn={0219-1377},
journal={Knowledge and Information Systems},
doi={10.1007/s10115-013-0658-2},
title={Email mining: tasks, common techniques, and tools},
url={http://dx.doi.org/10.1007/s10115-013-0658-2},
publisher={Springer-Verlag},
keywords={Email; Data mining; Tools; Classification; Clustering; Social network analysis},
author={Tang, Guanting and Pei, Jian and Luk, Wo-Shun},
pages={1-31},
language={English}
}
@techreport{Katakis:2007,
    author = {Ioannis Katakis and Grigorios Tsoumakas and Ioannis Vlahavas},
    title = {Email Mining 1 Email Mining: Emerging Techniques for Email Management},
    year = {2007},
    institution = "The Idea Group inc.",
}
@article{Bogawar:2012,
	year={2012},
	issn={1694-0814},
	journal={International Journal of Computer Science (IJCSI)},
	title={Email Mining: A Review},
	author={Bogawar1, Pranjal S. and Bhoyar, Kishor. K.},
	language={English},
    volume  = "9",
    number  = "1",    
    pages   = "429--434"
}
@inproceedings{Whittaker:1996,
 author = {Whittaker, Steve and Sidner, Candace},
 title = {Email overload: exploring personal information management of email},
 booktitle = {Proceedings of the SIGCHI Conference on Human Factors in Computing Systems},
 series = {CHI '96},
 year = {1996},
 isbn = {0-89791-777-4},
 location = {Vancouver, British Columbia, Canada},
 pages = {276--283},
 numpages = {8},
 url = {http://doi.acm.org/10.1145/238386.238530},
 doi = {10.1145/238386.238530},
 acmid = {238530},
 publisher = {ACM},
 address = {New York, NY, USA},
 keywords = {asynchronous communication, email, empirical studies, ethnography, filing, information overload, interpersonal communication, personal information management, task management}
} 
Usage of content languages for websites
@misc{Nucleus:2013,
      author = "Nucleus-Research",
      title = "Spam, the repeat offender",
      month = "May",
      year = "2007",
      note={ \url{http://www.projectedu.com/spam-the-repeat-offender-nucleus-research}, accessed August, 2013}
}
@inproceedings{Dabbish:2006,
 author = {Dabbish, Laura A. and Kraut, Robert E.},
 title = {Email overload at work: an analysis of factors associated with email strain},
 booktitle = {Proceedings of the 2006 20th anniversary conference on Computer supported cooperative work},
 series = {CSCW '06},
 year = {2006},
 isbn = {1-59593-249-6},
 location = {Banff, Alberta, Canada},
 pages = {431--440},
 numpages = {10},
 url = {http://doi.acm.org/10.1145/1180875.1180941},
 doi = {10.1145/1180875.1180941},
 acmid = {1180941},
 publisher = {ACM},
 address = {New York, NY, USA},
 keywords = {computer-mediated communication, coordination, e-mail, electronic mail, email, overload, strain, stress}
}
@inproceedings{Karagiannis:2009,
 author = {Karagiannis, Thomas and Vojnovic, Milan},
 title = {Behavioral profiles for advanced email features},
 booktitle = {Proceedings of the 18th international conference on World wide web},
 series = {WWW '09},
 year = {2009},
 isbn = {978-1-60558-487-4},
 location = {Madrid, Spain},
 pages = {711--720},
 numpages = {10},
 url = {http://doi.acm.org/10.1145/1526709.1526805},
 doi = {10.1145/1526709.1526805},
 acmid = {1526805},
 publisher = {ACM},
 address = {New York, NY, USA},
 keywords = {email profiles, reply probability, reply time}
} 
@article{Ducheneaut:2005,
 author = {Ducheneaut, Nicolas and Watts, Leon A.},
 title = {In search of coherence: a review of e-mail research},
 journal = {Human-Computer. Interaction},
 issue_date = {June 2005},
 volume = {20},
 number = {1},
 month = jun,
 year = {2005},
 issn = {0737-0024},
 pages = {11--48},
 numpages = {38},
 url = {http://dx.doi.org/10.1207/s15327051hci2001\&2_2},
 doi = {10.1207/s15327051hci2001\&2_2},
 acmid = {1466572},
 publisher = {L. Erlbaum Associates Inc.},
 address = {Hillsdale, NJ, USA}
}
@inproceedings{Bird:2006,
 author = {Bird, Christian and Gourley, Alex and Devanbu, Prem and Gertz, Michael and Swaminathan, Anand},
 title = {Mining email social networks},
 booktitle = {Proceedings of the 2006 international workshop on Mining software repositories},
 series = {MSR '06},
 year = {2006},
 isbn = {1-59593-397-2},
 location = {Shanghai, China},
 pages = {137--143},
 numpages = {7},
 url = {http://doi.acm.org/10.1145/1137983.1138016},
 doi = {10.1145/1137983.1138016},
 acmid = {1138016},
 publisher = {ACM},
 address = {New York, NY, USA},
 keywords = {open source, social networks}
}
@inproceedings{Perer:2006:CPE:1133265.1133346,
 author = {Perer, Adam and Smith, Marc A.},
 title = {Contrasting portraits of email practices: visual approaches to reflection and analysis},
 booktitle = {Proceedings of the working conference on Advanced visual interfaces},
 series = {AVI '06},
 year = {2006},
 isbn = {1-59593-353-0},
 location = {Venezia, Italy},
 pages = {389--395},
 numpages = {7},
 url = {http://doi.acm.org/10.1145/1133265.1133346},
 doi = {10.1145/1133265.1133346},
 acmid = {1133346},
 publisher = {ACM},
 address = {New York, NY, USA},
 keywords = {email, information visualization, personal communication}
}
@inproceedings{Weerkamp:2009,
 author = {Weerkamp, Wouter and Balog, Krisztian and Rijke, Maarten},
 title = {Using Contextual Information to Improve Search in Email Archives},
 booktitle = {Proceedings of the 31th European Conference on IR Research on Advances in Information Retrieval},
 series = {ECIR '09},
 year = {2009},
 isbn = {978-3-642-00957-0},
 location = {Toulouse, France},
 pages = {400--411},
 numpages = {12},
 url = {http://dx.doi.org/10.1007/978-3-642-00958-7_36},
 doi = {10.1007/978-3-642-00958-7_36},
 acmid = {1533767},
 publisher = {Springer-Verlag},
 address = {Berlin, Heidelberg}
}
@inproceedings{Tuulos:2005,
 author = {Tuulos, Ville H. and Perki\"{o}, Jukka and Tirri, Henry},
 title = {Multi-faceted information retrieval system for large scale email archives},
 booktitle = {Proceedings of the 28th annual international ACM SIGIR conference on Research and development in information retrieval},
 series = {SIGIR '05},
 year = {2005},
 isbn = {1-59593-034-5},
 location = {Salvador, Brazil},
 pages = {683--683},
 numpages = {1},
 url = {http://doi.acm.org/10.1145/1076034.1076195},
 doi = {10.1145/1076034.1076195},
 acmid = {1076195},
 publisher = {ACM},
 address = {New York, NY, USA},
 keywords = {content-based ranking, email}
}
@inproceedings{Balog:2007,
 author = {Balog, Krisztian},
 title = {People search in the enterprise},
 booktitle = {Proceedings of the 30th annual international ACM SIGIR conference on Research and development in information retrieval},
 series = {SIGIR '07},
 year = {2007},
 isbn = {978-1-59593-597-7},
 location = {Amsterdam, The Netherlands},
 pages = {916--916},
 numpages = {1},
 url = {http://doi.acm.org/10.1145/1277741.1277985},
 doi = {10.1145/1277741.1277985},
 acmid = {1277985},
 publisher = {ACM},
 address = {New York, NY, USA},
 keywords = {enterprise search, expertise finding, people search}
}
@inproceedings{Balog:2006,
 author = {Rijke, Kim de and Balog, Krisztian},
 title = {Finding experts and their details in e-mail corpora},
 booktitle = {Proceedings of the 15th international conference on World Wide Web (WWW '06)},
  year = {2006},
 location = { New York, USA},
 pages = {1035--1036},
 publisher = {ACM}
} 
@article{Scheffer:2004,
 author = {Scheffer, Tobias},
 title = {Email answering assistance by semi-supervised text classification},
 journal = {Intell. Data Anal.},
 issue_date = {October 2004},
 volume = {8},
 number = {5},
 month = oct,
 year = {2004},
 issn = {1088-467X},
 pages = {481--493},
 numpages = {13},
 url = {http://dl.acm.org/citation.cfm?id=1293797.1293802},
 acmid = {1293802},
 publisher = {IOS Press},
 address = {Amsterdam, The Netherlands, The Netherlands}
} 
@incollection{Bickel:2004,
year={2004},
isbn={978-3-540-23105-9},
booktitle={Machine Learning: ECML 2004},
volume={3201},
series={Lecture Notes in Computer Science},
editor={Boulicaut, Jean-François and Esposito, Floriana and Giannotti, Fosca and Pedreschi, Dino},
doi={10.1007/978-3-540-30115-8_11},
title={Learning from Message Pairs for Automatic Email Answering},
url={http://dx.doi.org/10.1007/978-3-540-30115-8_11},
publisher={Springer Berlin Heidelberg},
author={Bickel, Steffen and Scheffer, Tobias},
pages={87-98}
}
@techreport{Carvalho:2006:cc-predict,
    author = {Carvalho, Vitor R.},
    title = {CC Prediction in the Enron Corpus},
    year = {2006},
    institution = {Information Retrieval Lab, Language Technologies Institute, Carnegie Mellon University}
}
@inproceedings{Dredze:2008:reply-predict,
 author = {Dredze, Mark and Brooks, Tova and Carroll, Josh and Magarick, Joshua and Blitzer, John and Pereira, Fernando},
 title = {Intelligent email: reply and attachment prediction},
 booktitle = {Proceedings of the 13th international conference on Intelligent user interfaces},
 series = {IUI '08},
 year = {2008},
 isbn = {978-1-59593-987-6},
 location = {Gran Canaria, Spain},
 pages = {321--324},
 numpages = {4},
 url = {http://doi.acm.org/10.1145/1378773.1378820},
 doi = {10.1145/1378773.1378820},
 acmid = {1378820},
 publisher = {ACM},
 address = {New York, NY, USA},
 keywords = {attachment prediction, email overload, reply prediction},
}
@incollection{Ayodele:2009,
year={2009},
isbn={978-3-642-02558-7},
booktitle={Human Interface and the Management of Information. Information and Interaction},
volume={5618},
series={Lecture Notes in Computer Science},
editor={Salvendy, Gavriel and Smith, MichaelJ.},
doi={10.1007/978-3-642-02559-4_13},
title={Email Reply Prediction: A Machine Learning Approach},
url={http://dx.doi.org/10.1007/978-3-642-02559-4_13},
publisher={Springer Berlin Heidelberg},
keywords={Email reply prediction; machine learning; email messages; interrogative words; need reply; do not need reply; email headers; unsupervised learning},
author={Ayodele, Taiwo and Zhou, Shikun and Khusainov, Rinat},
pages={114-123}
}
@incollection{Albakour:2010,
year={2010},
isbn={978-3-642-13083-0},
booktitle={Advances in Multidisciplinary Retrieval},
volume={6107},
series={Lecture Notes in Computer Science},
editor={Cunningham, Hamish and Hanbury, Allan and Rüger, Stefan},
doi={10.1007/978-3-642-13084-7_2},
title={Sentence-Level Attachment Prediction},
url={http://dx.doi.org/10.1007/978-3-642-13084-7_2},
publisher={Springer Berlin Heidelberg},
author={Albakour, M-Dyaa and Kruschwitz, Udo and Lucas, Simon},
pages={6-19}
}
@phdthesis{Yoo:2010:thesis,
    author    = "Yoo, Shinjae",
    title     = "Machine Learning Methods for Personalized Email Prioritization",
    school    = "Carnegie Mellon University",
    year      = "2010"
}
@inproceedings{Yoo:2009,
 author = {Yoo, Shinjae and Yang, Yiming and Lin, Frank and Moon, Il-Chul},
 title = {Mining social networks for personalized email prioritization},
 booktitle = {Proceedings of the 15th ACM SIGKDD international conference on Knowledge discovery and data mining},
 series = {KDD '09},
 year = {2009},
 isbn = {978-1-60558-495-9},
 location = {Paris, France},
 pages = {967--976},
 numpages = {10},
 url = {http://doi.acm.org/10.1145/1557019.1557124},
 doi = {10.1145/1557019.1557124},
 acmid = {1557124},
 publisher = {ACM},
 address = {New York, NY, USA},
 keywords = {email prioritization, social network, text mining}
}
@article{Yang:2010,
 author = {Yang, Yiming  and Yoo, Shinjae and Lin, Frank and Moon, Il-Chul},
 title = {Personalized Email Prioritization Based on Content and Social Network Analysis},
year={2010},
journal = {IEEE Intelligent Systems},
volume={25},
number = "2",
pages={12-18}
}
@misc{Zawinski:2002,
      author = "Zawinski, Jamie",
      title = " Message threading.",
      year = "2002",
      note={ \url{http://www.jwz.org/doc/threading.html}, accessed August, 2013}
}
@INPROCEEDINGS{Yeh:2006,
    author = {Yeh, Jen-yuan and Harnly, Aaron},
    title = {Email thread reassembly using similarity matching},
    booktitle = {Proceedings of the third Conference on Email and Anti-Spam (CEAS) 2006},
    year = {2006}
}
@inproceedings{Wu:2005,
 author = {Wu, Yejun and Oard, Douglas W.},
 title = {Indexing emails and email threads for retrieval},
 booktitle = {Proceedings of the 28th annual international ACM SIGIR conference on Research and development in information retrieval},
 series = {SIGIR '05},
 year = {2005},
 isbn = {1-59593-034-5},
 location = {Salvador, Brazil},
 pages = {665--666},
 numpages = {2},
 url = {http://doi.acm.org/10.1145/1076034.1076180},
 doi = {10.1145/1076034.1076180},
 acmid = {1076180},
 publisher = {ACM},
 address = {New York, NY, USA},
 keywords = {email, indexing, retrieval, threads}
}
@inproceedings{Wang:2008,
    author = {Xia Wang and  Ming Xu and Ning Zheng and Mo Chen},
    title = {
Email Conversations Reconstruction Based on Messages Threading for Multi-person},
    booktitle = {Proceedings of International Workshop on Education Technology and Training and International Workshop on Geoscience and Remote Sensing (ETTANDGRS'08)},
    year = {2008},
    pages = {676--680}
}
@mastersthesis{Cowan-Sharp:2009,
    author    = "Cowan-Sharp, Jessy",
    title     = "A study of topic and topic change in conversational threads",
    school    = "Naval Postgraduate School, Monterey, California, United States",
    year      = "2009"
}
@inproceedings{Erera:2008,
 author = {Erera, Shai and Carmel, David},
 title = {Conversation detection in email systems},
 booktitle = {Proceedings of the IR research, 30th European conference on Advances in information retrieval},
 series = {ECIR'08},
 year = {2008},
 isbn = {3-540-78645-7, 978-3-540-78645-0},
 location = {Glasgow, UK},
 pages = {498--505},
 numpages = {8},
 url = {http://dl.acm.org/citation.cfm?id=1793274.1793335},
 acmid = {1793335},
 publisher = {Springer-Verlag},
 address = {Berlin, Heidelberg}
}
@article{Lewis:1997,
title = "Threading electronic mail: A preliminary study ",
journal = "Information Processing \& Management ",
volume = "33",
number = "2",
pages = "209 - 217",
year = "1997",
issn = "0306-4573",
doi = "http://dx.doi.org/10.1016/S0306-4573(96)00063-5",
url = "http://www.sciencedirect.com/science/article/pii/S0306457396000635",
author = "David D. Lewis and Kimberly A. Knowles"
}
@article{Joshi:2011,
  added-at = {2011-11-16T00:00:00.000+0100},
  author = {Joshi, Sachindra and Contractor, Danish and Ng, Kenney and Deshpande, Prasad M. and Hampp, Thomas},
  biburl = {http://www.bibsonomy.org/bibtex/26a8977c707797234e5af2c9b33cc1a88/dblp},
  ee = {http://www.vldb.org/pvldb/vol4/p1284-joshi.pdf},
  interhash = {f127d07f52c4f3e46bde6e426f0aa4f3},
  intrahash = {6a8977c707797234e5af2c9b33cc1a88},
  journal = {PVLDB},
  keywords = {dblp},
  number = 12,
  pages = {1284-1294},
  timestamp = {2011-11-16T00:00:00.000+0100},
  title = {Auto-Grouping Emails For Faster E-Discovery.},
  url = {http://dblp.uni-trier.de/db/journals/pvldb/pvldb4.html#JoshiCNDH11},
  volume = 4,
  year = 2011
}
@inproceedings{Dehghani:2012,
  author    = {Mostafa Dehghani and
               Masoud Asadpour and
               Azadeh Shakery},
  title     = {An Evolutionary-Based Method for Reconstructing Conversation Threads in Email Corpora},
  booktitle = {International Conference on Advances in Social Networks Analysis and Mining, ASONAM 2012},
  year      = {2012},
  pages     = {1132-1137},
  location = {Istanbul, Turkey},
  ee        = {http://doi.ieeecomputersociety.org/10.1109/ASONAM.2012.195},
}
@inproceedings{Smith:2000,
 author = {Smith, Marc and Cadiz, J. J. and Burkhalter, Byron},
 title = {Conversation trees and threaded chats},
 booktitle = {Proceedings of the 2000 ACM conference on Computer supported cooperative work},
 series = {CSCW '00},
 year = {2000},
 isbn = {1-58113-222-0},
 location = {Philadelphia, Pennsylvania, USA},
 pages = {97--105},
 numpages = {9},
 url = {http://doi.acm.org/10.1145/358916.358980},
 doi = {10.1145/358916.358980},
 acmid = {358980},
 publisher = {ACM},
 address = {New York, NY, USA},
 keywords = {chat programs, computer mediated communication, conversation, human computer human interaction, persistent conversation, synchronous communication, turn-taking}
} 
@inproceedings{Shen:2006,
 author = {Shen, Dou and Yang, Qiang and Sun, Jian-Tao and Chen, Zheng},
 title = {Thread detection in dynamic text message streams},
 booktitle = {Proceedings of the 29th annual international ACM SIGIR conference on Research and development in information retrieval},
 series = {SIGIR '06},
 year = {2006},
 isbn = {1-59593-369-7},
 location = {Seattle, Washington, USA},
 pages = {35--42},
 numpages = {8},
 url = {http://doi.acm.org/10.1145/1148170.1148180},
 doi = {10.1145/1148170.1148180},
 acmid = {1148180},
 publisher = {ACM},
 address = {New York, NY, USA},
 keywords = {linguistic features, single-pass clustering, text stream, thread detection}
}
@inproceedings{Aumayr:2011,
  added-at = {2012-01-04T00:00:00.000+0100},
  author = {Aumayr, Erik and Chan, Jeffrey and Hayes, Conor},
  booktitle = {Proceedings of International Conference on Weblogs and Social Media, ICWSM},
  editor = {Adamic, Lada A. and Baeza-Yates, Ricardo A. and Counts, Scott},
  ee = {http://www.aaai.org/ocs/index.php/ICWSM/ICWSM11/paper/view/2840},
  publisher = {The AAAI Press},
  timestamp = {2012-01-04T00:00:00.000+0100},
  title = {Reconstruction of Threaded Conversations in Online Discussion Forums.},
  year = {2011}
}
@inproceedings{LossioVentura:2012,
 author = {Lossio Ventura, Juan Antonio and Hacid, Hakim and Ansiaux, Arnaud and Maag, Maria Laura},
 title = {Conversations reconstruction in the social web},
 booktitle = {Proceedings of the 21st international conference companion on World Wide Web},
 series = {WWW '12 Companion},
 year = {2012},
 isbn = {978-1-4503-1230-1},
 location = {Lyon, France},
 pages = {573--574},
 numpages = {2},
 url = {http://doi.acm.org/10.1145/2187980.2188133},
 doi = {10.1145/2187980.2188133},
 acmid = {2188133},
 publisher = {ACM},
 address = {New York, NY, USA},
 keywords = {data analysis, social conversations, social dynamics, social networks}
}
@inproceedings{Wang:2008:Cohen,
    author = {Yi-chia Wang and Mahesh Joshi and William Cohen and Carolyn Rosé},
    title = {Recovering Implicit Thread Structure in Newsgroup Style Conversations},
    booltitle = {Proceedings of the second international conference on weblogs and social media (ICWSM)},
    year = {2008},
    pages = {152--160}
}
@inproceedings{Wang:2011:Zhai,
 author = {Wang, Hongning and Wang, Chi and Zhai, ChengXiang and Han, Jiawei},
 title = {Learning online discussion structures by conditional random fields},
 booktitle = {Proceedings of the 34th international ACM SIGIR conference on Research and development in Information Retrieval},
 series = {SIGIR '11},
 year = {2011},
 isbn = {978-1-4503-0757-4},
 location = {Beijing, China},
 pages = {435--444},
 numpages = {10},
 url = {http://doi.acm.org/10.1145/2009916.2009976},
 doi = {10.1145/2009916.2009976},
 acmid = {2009976},
 publisher = {ACM},
 address = {New York, NY, USA},
 keywords = {replying relation reconstruction, structure learning, threaded discussion}
} 
@article{Seo:2011,
 author = {Seo, Jangwon and Bruce Croft, W. and Smith, David A.},
 title = {Online community search using conversational structures},
 journal = {Information Retrieval},
 issue_date = {December  2011},
 volume = {14},
 number = {6},
 month = dec,
 year = {2011},
 issn = {1386-4564},
 pages = {547--571},
 numpages = {25},
 url = {http://dx.doi.org/10.1007/s10791-011-9166-8},
 doi = {10.1007/s10791-011-9166-8},
 acmid = {2070820},
 publisher = {Kluwer Academic Publishers},
 address = {Hingham, MA, USA},
 keywords = {Forum search, Online community, Thread structure}
}
@inproceedings{Duan:2011,
 author = {Duan, Huizhong and Zhai, Chengxiang},
 title = {Exploiting thread structures to improve smoothing of language models for forum post retrieval},
 booktitle = {Proceedings of the 33rd European conference on Advances in information retrieval},
 series = {ECIR'11},
 year = {2011},
 isbn = {978-3-642-20160-8},
 location = {Dublin, Ireland},
 pages = {350--361},
 numpages = {12},
 url = {http://dl.acm.org/citation.cfm?id=1996889.1996935},
 acmid = {1996935},
 publisher = {Springer-Verlag},
 address = {Berlin, Heidelberg},
 keywords = {forum post retrieval, language modeling, smoothing}
}
@INPROCEEDINGS{Neustaedter:2005,
    author = {Carman Neustaedter},
    title = {Beyond “from” and “received”: Exploring the dynamics of email triage},
    booktitle = {Proceedings of ACM CHI’05 extended abstracts on human factors in computing systems, CHI EA’05},
    year = {2005},
    pages = {1977--1980},
    publisher = {Press}
}
@mastersthesis{Padhye:2006,
    author    = "Apurva Padhye",
    title     = "Comparing Supervised and Unsupervised Classification of Messages in the Enron Email Corpus",
    school    = "University of Minnesota",
    year      = "2006",
}
 @inproceedings{Segal:1999,
 author = {Segal, Richard B. and Kephart, Jeffrey O.},
 title = {MailCat: an intelligent assistant for organizing e-mail},
 booktitle = {Proceedings of the third annual conference on Autonomous Agents},
 series = {AGENTS '99},
 year = {1999},
 isbn = {1-58113-066-X},
 location = {Seattle, Washington, USA},
 pages = {276--282},
 numpages = {7},
 url = {http://doi.acm.org/10.1145/301136.301209},
 doi = {10.1145/301136.301209},
 acmid = {301209},
 publisher = {ACM},
 address = {New York, NY, USA}
} 
@INPROCEEDINGS{Cohen:1996,
    author = {William Cohen},
    title = {Learning Rules that Classify E-Mail},
    booktitle = {In Papers from the AAAI Spring Symposium on Machine Learning in Information Access},
    year = {1996},
    pages = {18--25},
    publisher = {AAAI Press}
}
@article{Magnani:2012,
 author = {Magnani, Matteo and Montesi, Danilo and Rossi, Luca},
 title = {Conversation retrieval for microblogging sites},
 journal = {Information Retrieval},
 issue_date = {June      2012},
 volume = {15},
 number = {3-4},
 month = jun,
 year = {2012},
 issn = {1386-4564},
 pages = {354--372},
 numpages = {19},
 url = {http://dx.doi.org/10.1007/s10791-012-9189-9},
 doi = {10.1007/s10791-012-9189-9},
 acmid = {2318231},
 publisher = {Kluwer Academic Publishers},
 address = {Hingham, MA, USA},
 keywords = {Conversation retrieval, Monitoring, Social media, Social network analysis metrics, Social network sites}
} 
@inproceedings{Kolla:2007,
 author = {Kolla, Maheedhar and Vechtomova, Olga},
 title = {Retrieval of discussions from enterprise mailing lists},
 booktitle = {Proceedings of the 30th annual international ACM SIGIR conference on Research and development in information retrieval},
 series = {SIGIR '07},
 year = {2007},
 isbn = {978-1-59593-597-7},
 location = {Amsterdam, The Netherlands},
 pages = {881--882},
 numpages = {2},
 url = {http://doi.acm.org/10.1145/1277741.1277956},
 doi = {10.1145/1277741.1277956},
 acmid = {1277956},
 publisher = {ACM},
 address = {New York, NY, USA},
 keywords = {email search, enterprise search, subjectivity theory}
}
@inproceedings{Bhatia:2010,
  author    = {Sumit Bhatia and Prasenjit Mitra},
  title     = {Adopting Inference Networks for Online Thread Retrieval},
  pages = {1300--1305},
  year= {2010},
  booktitle = {Proceedings of the 24th Association for the Advancement of Artificial Intelligence, AAAI}
}
@inproceedings{Joty:2010,
 author = {Joty, Shafiq and Carenini, Giuseppe and Murray, Gabriel and Ng, Raymond T.},
 title = {Exploiting conversation structure in unsupervised topic segmentation for emails},
 booktitle = {Proceedings of the 2010 Conference on Empirical Methods in Natural Language Processing},
 series = {EMNLP '10},
 year = {2010},
 location = {Cambridge, Massachusetts},
 pages = {388--398},
 numpages = {11},
 url = {http://dl.acm.org/citation.cfm?id=1870658.1870696},
 acmid = {1870696},
 publisher = {Association for Computational Linguistics},
 address = {Stroudsburg, PA, USA}
}
@incollection{McKeown:2007,
year={2007},
isbn={978-3-540-70938-1},
booktitle={Computational Linguistics and Intelligent Text Processing},
volume={4394},
series={Lecture Notes in Computer Science},
editor={Gelbukh, Alexander},
doi={10.1007/978-3-540-70939-8_48},
title={Using Question-Answer Pairs in Extractive Summarization of Email Conversations},
url={http://dx.doi.org/10.1007/978-3-540-70939-8_48},
publisher={Springer Berlin Heidelberg},
author={McKeown, Kathleen and Shrestha, Lokesh and Rambow, Owen},
pages={542-550}
}
@INPROCEEDINGS{Ng:2008,
    author = {Raymond T. Ng and Xiaodong Zhou},
    title = {Summarizing emails with conversational cohesion and subjectivity},
    booktitle = {Proceedings of the 46th Annual Meeting of the Association for Computational Linguistics: Human Language Technologies (ACL-08: HLT)},
    year = {2008},
    pages = {353--361},
    publisher = {ACM}
}
@article{Alberts:2012,
 author = {Alberts, Inge and Forest, Dominic},
 title = {Email pragmatics and automatic classification: A study in the organizational context},
 journal = {Journal of the American Society for Information Science and Technology},
 issue_date = {May 2012},
 volume = {63},
 number = {5},
 month = may,
 year = {2012},
 issn = {1532-2882},
 pages = {904--922},
 numpages = {19},
 url = {http://dx.doi.org/10.1002/asi.21702},
 doi = {10.1002/asi.21702},
 acmid = {2234369},
 publisher = {John Wiley \& Sons, Inc.},
 address = {New York, NY, USA},
 keywords = {automatic classification, e\&mail, pragmatics, text mining}
}
@techreport{Bekkerman:2004,
	author = {Ron Bekkerman and Andrew Mccallum and Gary Huang},
  institution = {Center for Intelligent Information Retrieval, Technical Report IR-418},
  title = {Automatic Categorization of Email into Folders: Benchmark Experiments on Enron and SRI Corpora},
  pages = {4--6},
  year = {2004}
}
@inproceedings{Hong:2009,
 author = {Hong, Liangjie and Davison, Brian D.},
 title = {A classification-based approach to question answering in discussion boards},
 booktitle = {Proceedings of the 32nd international ACM SIGIR conference on Research and development in information retrieval},
 series = {SIGIR '09},
 year = {2009},
 isbn = {978-1-60558-483-6},
 location = {Boston, MA, USA},
 pages = {171--178},
 numpages = {8},
 url = {http://doi.acm.org/10.1145/1571941.1571973},
 doi = {10.1145/1571941.1571973},
 acmid = {1571973},
 publisher = {ACM},
 address = {New York, NY, USA},
 keywords = {classification, discussion boards, online forums, question answering}
}
@InProceedings{Ding:2008,
  author    = {Ding, Shilin  and  Cong, Gao  and  Lin, Chin-Yew  and  Zhu, Xiaoyan},
  title     = {Using Conditional Random Fields to Extract Contexts and Answers of Questions from Online Forums},
  booktitle = {Proceedings of Association for Computational Linguistics, ACL-08: HLT},
  month     = {June},
  year      = {2008},
  address   = {Columbus, Ohio},
  publisher = {Association for Computational Linguistics},
  pages     = {710--718}
}
@inproceedings{Jurczyk:2007,
 author = {Jurczyk, Pawel and Agichtein, Eugene},
 title = {Discovering authorities in question answer communities by using link analysis},
 booktitle = {Proceedings of the sixteenth ACM conference on Conference on information and knowledge management},
 series = {CIKM '07},
 year = {2007},
 isbn = {978-1-59593-803-9},
 location = {Lisbon, Portugal},
 pages = {919--922},
 numpages = {4},
 url = {http://doi.acm.org/10.1145/1321440.1321575},
 doi = {10.1145/1321440.1321575},
 acmid = {1321575},
 publisher = {ACM},
 address = {New York, NY, USA},
 keywords = {link analysis, question-answer portals}
} 
@inproceedings{Zhang:2007,
 author = {Zhang, Jun and Ackerman, Mark S. and Adamic, Lada},
 title = {Expertise networks in online communities: structure and algorithms},
 booktitle = {Proceedings of the 16th international conference on World Wide Web},
 series = {WWW '07},
 year = {2007},
 isbn = {978-1-59593-654-7},
 location = {Banff, Alberta, Canada},
 pages = {221--230},
 numpages = {10},
 url = {http://doi.acm.org/10.1145/1242572.1242603},
 doi = {10.1145/1242572.1242603},
 acmid = {1242603},
 publisher = {ACM},
 address = {New York, NY, USA},
 keywords = {expertise finding, expertise locators, help seeking, online communities, simulation, social network analysis}
}
@inproceedings{Tamme:2011,
 author = {Tõnu Tamme and Ulrich Norbisrath and Georg Singer and Eero Vainikko},
 title = {Improving Email Management},
 booktitle = {Proceedings of The International Conference on Advances in Information Mining and Management, IMMM 2011},
 year = {2011},
 pages = {67--72},
}
@inproceedings{Kerr:2003,
 author = {Kerr, Bernard},
 title = {Thread arcs: an email thread visualization},
 booktitle = {Proceedings of the Ninth annual IEEE conference on Information visualization},
 series = {INFOVIS'03},
 year = {2003},
 isbn = {0-7803-8154-8},
 location = {Seattle, Washington},
 pages = {211--218},
 numpages = {8},
 url = {http://dl.acm.org/citation.cfm?id=1947368.1947407},
 acmid = {1947407},
 publisher = {IEEE Computer Society},
 address = {Washington, DC, USA},
 keywords = {conversations, discussions, electronic mail, email, information visualization, threads, tree structures, user interfaces}
}
@inproceedings{Viegas:2006,
 author = {Vi{\'e}gas, Fernanda B. and Golder, Scott and Donath, Judith},
 title = {Visualizing email content: portraying relationships from conversational histories},
 booktitle = {Proceedings of the SIGCHI Conference on Human Factors in Computing Systems},
 series = {CHI '06},
 year = {2006},
 isbn = {1-59593-372-7},
 location = {Montr\&\#233;al, Qu\&\#233;bec, Canada},
 pages = {979--988},
 numpages = {10},
 url = {http://doi.acm.org/10.1145/1124772.1124919},
 doi = {10.1145/1124772.1124919},
 acmid = {1124919},
 publisher = {ACM},
 address = {New York, NY, USA},
 keywords = {content, email archive, history, information interface, user interface, visualization}
}
@inproceedings{Venolia:2003,
 author = {Venolia, Gina Danielle and Neustaedter, Carman},
 title = {Understanding sequence and reply relationships within email conversations: a mixed-model visualization},
 booktitle = {Proceedings of the SIGCHI Conference on Human Factors in Computing Systems},
 series = {CHI '03},
 year = {2003},
 isbn = {1-58113-630-7},
 location = {Ft. Lauderdale, Florida, USA},
 pages = {361--368},
 numpages = {8},
 url = {http://doi.acm.org/10.1145/642611.642674},
 doi = {10.1145/642611.642674},
 acmid = {642674},
 publisher = {ACM},
 address = {New York, NY, USA}
}
@article{Sagan:1983,
 author = {Sagan, Bruce E.},
 title = {A note on abel polynomlals and rooted labeled forests},
 journal = {Discrete Mathematics},
 volume = {44},
 year = {1983},
 pages = {293--298},
 publisher = {North-Holand Publishing Company}
}
@inproceedings{Luke:2001,
    author = {Sean Luke},
    title = {A survey and comparison of tree generation algorithms},
    booktitle = {Proceedings of the Genetic and Evolutionary Computation Conference},
    year = {2001},
    pages = {81--88},
    publisher = {Morgan Kaufmann}
}
@INPROCEEDINGS{Luke:1998,
    author = {Sean Luke and Lee Spector},
    title = {A Revised Comparison of Crossover and Mutation in Genetic Programming},
    booktitle = {Genetic Programming 1997: Proceedings of the Second Annual Conference},
    year = {1998},
    pages = {240--248},
    publisher = {Morgan Kaufmann}
}
@book{Li:2011,
    author    = "Hang Li",
    title     = "Learning to Rank for Information Retrieval and Natural Language Processing",
    year      = "2011",
    publisher = "Morgan \& Claypool"
}
@inproceedings{Singhal:1996,
 author = {Singhal, Amit and Buckley, Chris and Mitra, Mandar},
 title = {Pivoted document length normalization},
 booktitle = {Proceedings of the 19th annual international ACM SIGIR conference on Research and development in information retrieval},
 series = {SIGIR '96},
 year = {1996},
 isbn = {0-89791-792-8},
 location = {Zurich, Switzerland},
 pages = {21--29},
 numpages = {9},
 url = {http://doi.acm.org/10.1145/243199.243206},
 doi = {10.1145/243199.243206},
 acmid = {243206},
 publisher = {ACM},
 address = {New York, NY, USA}
}
@article{Robertson:2000,
 author = {Robertson, S. E. and Walker, S. and Beaulieu, M.},
 title = {Experimentation as a way of life: Okapi at TREC},
 journal = {Information Processing and Management},
 issue_date = {Jan. 2000},
 volume = {36},
 number = {1},
 month = jan,
 year = {2000},
 issn = {0306-4573},
 pages = {95--108},
 numpages = {14},
 url = {http://dx.doi.org/10.1016/S0306-4573(99)00046-1},
 doi = {10.1016/S0306-4573(99)00046-1},
 acmid = {342540},
 publisher = {Pergamon Press, Inc.},
 address = {Tarrytown, NY, USA}
}
@article{Zhai:2004,
 author = {Zhai, Chengxiang and Lafferty, John},
 title = {A study of smoothing methods for language models applied to information retrieval},
 journal = {ACM Transactions on Information Systems (TOIS)},
 issue_date = {April 2004},
 volume = {22},
 number = {2},
 month = apr,
 year = {2004},
 issn = {1046-8188},
 pages = {179--214},
 numpages = {36},
 url = {http://doi.acm.org/10.1145/984321.984322},
 doi = {10.1145/984321.984322},
 acmid = {984322},
 publisher = {ACM},
 address = {New York, NY, USA},
 keywords = {Dirichlet prior smoothing, EM algorithm, Jelinek--Mercer smoothing, Statistical language models, TF-IDF weighting, absolute discounting smoothing, backoff smoothing, interpolation smoothing, leave-one-out, risk minimization, term weighting, two-stage smoothing}
}
