@article{donker2014LearningSt,
	title={Effectiveness of learning strategy instruction on academic performance: A meta-analysis},
	volume={11}, DOI={10.1016/j.edurev.2013.11.002},
	journal={Educational Research Review}, 
	author={Donker, A.s. and Boer, H. De and Kostons, D. and Ewijk, C.c. Dignath Van and Werf, M.p.c. Van Der}, 
	year={2014}, 
	pages={1–26}
}

@article{morrison2016WM,
	title={Variation in strategy use across measures of verbal working memory},
	volume={44}, DOI={10.3758/s13421-016-0608-9}, 
	number={6}, journal={Memory \& Cognition}, 
	author={Morrison, Alexandra B. and Rosenbaum, Gail M. and Fair, Damien and Chein, Jason M.}, 
	year={2016}, 
	month={Jan}, 
	pages={922–936}
}

@article{twamley2008CogTrain, 
	title={Development and Pilot Testing of a Novel Compensatory Cognitive Training Intervention for People with Psychosis}, 
	volume={11}, 
	DOI={10.1080/15487760801963678}, 
	number={2}, 
	journal={American Journal of Psychiatric Rehabilitation}, 
	author={Twamley, Elizabeth W. and Savla, Gauri N. and Zurhellen, Cynthia H. and Heaton, Robert K. and Jeste, Dilip V.}, 
	year={2008}, 
	month={Oct}, 
	pages={144–163}
}

@article{melby2013WM,
	title={Is working memory training effective? A meta-analytic review.}, 
	volume={49}, 
	DOI={10.1037/a0028228}, 
	number={2}, 
	journal={Developmental Psychology}, 
	author={Melby-Lervåg, Monica and Hulme, Charles}, 
	year={2013}, 
	pages={270–291}
}

@article{redick2013Intellig,
	title={No evidence of intelligence improvement after working memory training: A randomized, placebo-controlled study.}, 
	volume={142}, 
	DOI={10.1037/a0029082}, 
	number={2}, 
	journal={Journal of Experimental Psychology: General}, 
	author={Redick, Thomas S. and Shipstead, Zach and Harrison, Tyler L. and Hicks, Kenny L. and Fried, David E. and Hambrick, David Z. and Kane, Michael J. and Engle, Randall W.}, 
	year={2013}, 
	pages={359–379}
}

@article{jaeggi2011shortLong,
	title={Short- and long-term benefits of cognitive training},
	volume={108},
	DOI={10.1073/pnas.1103228108},
	number={25},
	journal={Proceedings of the National Academy of Sciences},
	author={Jaeggi, S. M. and Buschkuehl, M. and Jonides, J. and Shah, P.},
	year={2011},
	pages={10081-10086}
}

@article{jaeggi2013IndiDiff, 
	title={The role of individual differences in cognitive training and transfer}, 
	volume={42}, 
	DOI={10.3758/s13421-013-0364-z}, 
	number={3}, 
	journal={Memory \& Cognition}, 
	author={Jaeggi, Susanne M. and Buschkuehl, Martin and Shah, Priti and Jonides, John}, 
	year={2013}, 
	month={Jan}, 
	pages={464–480}
}

@article{shute2015lumoPortal2, 
	title={The power of play: The effects of Portal 2 and Lumosity on cognitive and noncognitive skills}, 
	volume={80}, 
	DOI={10.1016/j.compedu.2014.08.013}, 
	journal={Computers \& Education}, 
	author={Shute, Valerie J. and Ventura, Matthew and Ke, Fengfeng}, 
	year={2015}, 
	pages={58–67}
}

@article{sheehan2015FluidMeta,
	title={Improving Fluid Intelligence With Training on Working Memory: A Meta-Analysis},
	DOI={10.1037/e524912015-029},
	journal={PsycEXTRA Dataset},
	author={Au, Jacky and Sheehan, Ellen and Tsai, Nancy and Duncan, Greg J. and Buschkuehl, Martin and Jaeggi, Susanne},
	year={2015}
}

@article{melby2016WMNoImprove, 
	title={Working Memory Training Does Not Improve Performance on Measures of Intelligence or Other Measures of “Far Transfer”}, 
	volume={11}, 
	DOI={10.1177/1745691616635612}, 
	number={4}, 
	journal={Perspectives on Psychological Science}, 
	author={Melby-Lervåg, Monica and Redick, Thomas S. and Hulme, Charles}, 
	year={2016}, 
	pages={512–534}
}

@article{oxford1989LangStrategy, 
	title={Use of language learning strategies: A synthesis of studies with implications for strategy training}, 
	volume={17}, 
	DOI={10.1016/0346-251x(89)90036-5}, 
	number={2}, 
	journal={System}, 
	author={Oxford, Rebecca L.}, 
	year={1989}, 
	pages={235–247}
}

@article {nunan2017Lan,
    author  = {Nunan, David},
    title   = {Does learner strategy training make a difference?},
    journal = {Lenguas Modernas},
    year    = {2017},
    pages   = {123-142}
}

@article{donker2014Academic, 
	title={Effectiveness of learning strategy instruction on academic performance: A meta-analysis}, 
	volume={11}, 
	DOI={10.1016/j.edurev.2013.11.002}, 
	journal={Educational Research Review}, 
	author={Donker, A.s. and Boer, H. De and Kostons, D. and Ewijk, C.c. Dignath Van and Werf, M.p.c. Van Der}, 
	year={2014}, 
	pages={1–26}
}

@article{mcnamara2001MemCap, 
	title={Working memory capacity and strategy use}, 
	volume={29}, DOI={10.3758/bf03195736}, 
	number={1}, 
	journal={Memory \& Cognition}, 
	author={Mcnamara, Danielle S. and Scott, Jennifer L.}, 
	year={2001}, 
	pages={10–17}
}

@article{carretti2007StaMem, 
	title={Does Strategic Memory Training Improve the Working Memory Performance of Younger and Older Adults?}, 
	volume={54}, 
	DOI={10.1027/1618-3169.54.4.311}, 
	number={4}, 
	journal={Experimental Psychology}, 
	author={Carretti, Barbara and Borella, Erika and Beni, Rossana De}, 
	year={2007}, 
	pages={311–320}
}


@article{dunning2014untrainedl, 
	title={Does working memory training promote the use of strategies on untrained working memory tasks?}, 
	volume={42}, 
	DOI={10.3758/s13421-014-0410-5}, 
	number={6}, 
	journal={Memory \& Cognition}, 
	author={Dunning, Darren L. and Holmes, Joni}, 
	year={2014}, 
	pages={854–862}
}

@article{morrison2016variation, 
	title={Variation in strategy use across measures of verbal working memory}, 
	volume={44}, DOI={10.3758/s13421-016-0608-9}, 
	number={6}, 
	journal={Memory \& Cognition}, 
	author={Morrison, Alexandra B. and Rosenbaum, Gail M. and Fair, Damien and Chein, Jason M.}, 
	year={2016}, 
	month={Jan}, 
	pages={922–936}
}

@article{peng2016WMTrain, 
	title={A Randomized Control Trial of Working Memory Training With and Without Strategy Instruction}, 
	volume={50}, 
	DOI={10.1177/0022219415594609}, 
	number={1}, 
	journal={Journal of Learning Disabilities}, 
	author={Peng, Peng and Fuchs, Douglas}, 
	year={2016}, 
	month={Mar}, 
	pages={62–80}
}

@article{fehd2008whereLook, 
	title={Eye movements during multiple object tracking: Where do participants look?}, 
	volume={108}, 
	DOI={10.1016/j.cognition.2007.11.008}, 
	number={1}, 
	journal={Cognition}, 
	author={Fehd, Hilda M. and Seiffert, Adriane E.}, 
	year={2008}, 
	pages={201–209}
}

@article {fehd2010centerLook,
	title={Looking at the center of the targets helps multiple object tracking},
	author={Fehd, Hilda M. and Seiffert, Adriane E.}, 
	year={2010} 
}